%YAML 1.1
%TAG !u! tag:unity3d.com,2011:
--- !u!114 &7878121285461958168
MonoBehaviour:
  m_ObjectHideFlags: 0
  m_CorrespondingSourceObject: {fileID: 0}
  m_PrefabInstance: {fileID: 0}
  m_PrefabAsset: {fileID: 0}
  m_GameObject: {fileID: 7638982569874979395}
  m_Enabled: 1
  m_EditorHideFlags: 0
  m_Script: {fileID: 11500000, guid: f6b1d407b0322f0468618cf42c71f3e2, type: 3}
  m_Name: 
  m_EditorClassIdentifier: 
  _session: {fileID: 5139743839947609819}
  _planeManager: {fileID: 6593583306697233907}
  _arFoundationCamera: {fileID: 529080310167241125}
  enableMarkerlessArOnStart: 1
--- !u!114 &7878121285461958175
MonoBehaviour:
  m_ObjectHideFlags: 0
  m_CorrespondingSourceObject: {fileID: 0}
  m_PrefabInstance: {fileID: 0}
  m_PrefabAsset: {fileID: 0}
  m_GameObject: {fileID: 7638982569874979395}
  m_Enabled: 1
  m_EditorHideFlags: 0
  m_Script: {fileID: 11500000, guid: 4b6236e28c54161489d1c5b10f66be68, type: 3}
  m_Name: 
  m_EditorClassIdentifier: 
  _contentHolder: {fileID: 2023013544952627728}
--- !u!1001 &8546886541657819881
PrefabInstance:
  m_ObjectHideFlags: 0
  serializedVersion: 2
  m_Modification:
    m_TransformParent: {fileID: 0}
    m_Modifications:
    - target: {fileID: 2062571844478218410, guid: 18cbc3dcdce82a844be3d38b5734ef8e,
        type: 3}
      propertyPath: m_Name
      value: AppearitionManager_Markerless Yay
      objectReference: {fileID: 0}
    - target: {fileID: 3250958001375715098, guid: 18cbc3dcdce82a844be3d38b5734ef8e,
        type: 3}
      propertyPath: m_PlanePrefab
      value: 
      objectReference: {fileID: 7258259233296164000, guid: eab4011cb5659474abe77231ff6de188,
        type: 3}
    - target: {fileID: 3652292121096522874, guid: 18cbc3dcdce82a844be3d38b5734ef8e,
        type: 3}
      propertyPath: m_LocalPosition.x
      value: 0
      objectReference: {fileID: 0}
    - target: {fileID: 3652292121096522874, guid: 18cbc3dcdce82a844be3d38b5734ef8e,
        type: 3}
      propertyPath: m_LocalPosition.y
      value: 0
      objectReference: {fileID: 0}
    - target: {fileID: 3652292121096522874, guid: 18cbc3dcdce82a844be3d38b5734ef8e,
        type: 3}
      propertyPath: m_LocalPosition.z
      value: 0
      objectReference: {fileID: 0}
    - target: {fileID: 3652292121096522874, guid: 18cbc3dcdce82a844be3d38b5734ef8e,
        type: 3}
      propertyPath: m_LocalRotation.x
      value: 0
      objectReference: {fileID: 0}
    - target: {fileID: 3652292121096522874, guid: 18cbc3dcdce82a844be3d38b5734ef8e,
        type: 3}
      propertyPath: m_LocalRotation.y
      value: 0
      objectReference: {fileID: 0}
    - target: {fileID: 3652292121096522874, guid: 18cbc3dcdce82a844be3d38b5734ef8e,
        type: 3}
      propertyPath: m_LocalRotation.z
      value: 0
      objectReference: {fileID: 0}
    - target: {fileID: 3652292121096522874, guid: 18cbc3dcdce82a844be3d38b5734ef8e,
        type: 3}
      propertyPath: m_LocalRotation.w
      value: 1
      objectReference: {fileID: 0}
    - target: {fileID: 3652292121096522874, guid: 18cbc3dcdce82a844be3d38b5734ef8e,
        type: 3}
      propertyPath: m_RootOrder
      value: 0
      objectReference: {fileID: 0}
    - target: {fileID: 3652292121096522874, guid: 18cbc3dcdce82a844be3d38b5734ef8e,
        type: 3}
      propertyPath: m_LocalEulerAnglesHint.x
      value: 0
      objectReference: {fileID: 0}
    - target: {fileID: 3652292121096522874, guid: 18cbc3dcdce82a844be3d38b5734ef8e,
        type: 3}
      propertyPath: m_LocalEulerAnglesHint.y
      value: 0
      objectReference: {fileID: 0}
    - target: {fileID: 3652292121096522874, guid: 18cbc3dcdce82a844be3d38b5734ef8e,
        type: 3}
      propertyPath: m_LocalEulerAnglesHint.z
      value: 0
      objectReference: {fileID: 0}
    - target: {fileID: 8199664844844616524, guid: 18cbc3dcdce82a844be3d38b5734ef8e,
        type: 3}
      propertyPath: m_IsActive
      value: 1
      objectReference: {fileID: 0}
    - target: {fileID: 8199664844844616524, guid: 18cbc3dcdce82a844be3d38b5734ef8e,
        type: 3}
      propertyPath: m_Name
      value: ARFoundation Camera
      objectReference: {fileID: 0}
    m_RemovedComponents: []
  m_SourcePrefab: {fileID: 100100000, guid: 18cbc3dcdce82a844be3d38b5734ef8e, type: 3}
--- !u!1 &7638982569874979395 stripped
GameObject:
  m_CorrespondingSourceObject: {fileID: 2062571844478218410, guid: 18cbc3dcdce82a844be3d38b5734ef8e,
    type: 3}
  m_PrefabInstance: {fileID: 8546886541657819881}
  m_PrefabAsset: {fileID: 0}
--- !u!114 &5139743839947609819 stripped
MonoBehaviour:
  m_CorrespondingSourceObject: {fileID: 3587308198165519410, guid: 18cbc3dcdce82a844be3d38b5734ef8e,
    type: 3}
  m_PrefabInstance: {fileID: 8546886541657819881}
  m_PrefabAsset: {fileID: 0}
  m_GameObject: {fileID: 0}
  m_Enabled: 1
  m_EditorHideFlags: 0
  m_Script: {fileID: 11500000, guid: 3859a92a05d4f5d418cb6ca605290e74, type: 3}
  m_Name: 
  m_EditorClassIdentifier: 
--- !u!114 &6593583306697233907 stripped
MonoBehaviour:
  m_CorrespondingSourceObject: {fileID: 3250958001375715098, guid: 18cbc3dcdce82a844be3d38b5734ef8e,
    type: 3}
  m_PrefabInstance: {fileID: 8546886541657819881}
  m_PrefabAsset: {fileID: 0}
  m_GameObject: {fileID: 0}
  m_Enabled: 1
  m_EditorHideFlags: 0
  m_Script: {fileID: 11500000, guid: e1760703bbd54c04488a8d10600262ab, type: 3}
  m_Name: 
  m_EditorClassIdentifier: 
--- !u!1 &529080310167241125 stripped
GameObject:
  m_CorrespondingSourceObject: {fileID: 8199664844844616524, guid: 18cbc3dcdce82a844be3d38b5734ef8e,
    type: 3}
  m_PrefabInstance: {fileID: 8546886541657819881}
  m_PrefabAsset: {fileID: 0}
--- !u!4 &2023013544952627728 stripped
Transform:
  m_CorrespondingSourceObject: {fileID: 7678518752461211897, guid: 18cbc3dcdce82a844be3d38b5734ef8e,
    type: 3}
  m_PrefabInstance: {fileID: 8546886541657819881}
  m_PrefabAsset: {fileID: 0}
